<collection xmlns="http://www.loc.gov/MARC21/slim">
   <record>
      <leader>03547nam a2200445 i 4500</leader>
      <controlfield tag="001">6786292</controlfield>
      <controlfield tag="003">FlBoTFG</controlfield>
      <controlfield tag="005">20150115163112.0</controlfield>
      <controlfield tag="006">m|||||o||d||||||||</controlfield>
      <controlfield tag="007">cr||||</controlfield>
      <controlfield tag="008">150115t20152015fluacd  obf   001 0 eng d</controlfield>
      <datafield ind1=" " ind2=" " tag="020">
         <subfield code="a">9789814463379 (e-book : PDF)</subfield>
      </datafield>
      <datafield ind1=" " ind2=" " tag="035">
         <subfield code="a">ocn899003679</subfield>
      </datafield>
      <datafield ind1=" " ind2=" " tag="039">
         <subfield code="a">exclude</subfield>
      </datafield>
      <datafield ind1=" " ind2=" " tag="040">
         <subfield code="a">FlBoTFG</subfield>
         <subfield code="b">eng</subfield>
         <subfield code="e">rda</subfield>
         <subfield code="c">FlBoTFG</subfield>
         <subfield code="d">AEU</subfield>
      </datafield>
      <datafield ind1=" " ind2="4" tag="050">
         <subfield code="a">TA418.9.N35</subfield>
         <subfield code="b">H36 2015</subfield>
      </datafield>
      <datafield ind1=" " ind2=" " tag="090">
         <subfield code="a">Internet Access</subfield>
         <subfield code="b">AEU</subfield>
      </datafield>
      <datafield ind1="0" ind2="0" tag="245">
         <subfield code="a">Handbook of safety assessment of nanomaterials :</subfield>
         <subfield code="b">from toxicological testing to personalized medicine /</subfield>
         <subfield code="c">edited by Bengt Fadeel.</subfield>
      </datafield>
      <datafield ind1=" " ind2="1" tag="264">
         <subfield code="a">Boca Raton, FL :</subfield>
         <subfield code="b">CRC Press :</subfield>
         <subfield code="b">Pan Stanford Publishing,</subfield>
         <subfield code="c">[2015]</subfield>
      </datafield>
      <datafield ind1=" " ind2="4" tag="264">
         <subfield code="c">©2015</subfield>
      </datafield>
      <datafield ind1=" " ind2=" " tag="300">
         <subfield code="a">1 online resource.</subfield>
      </datafield>
      <datafield ind1=" " ind2=" " tag="336">
         <subfield code="a">text</subfield>
         <subfield code="2">rdacontent</subfield>
         <subfield code="0">http://id.loc.gov/vocabulary/contentTypes/txt</subfield>
      </datafield>
      <datafield ind1=" " ind2=" " tag="337">
         <subfield code="a">computer</subfield>
         <subfield code="2">rdamedia</subfield>
         <subfield code="0">http://id.loc.gov/vocabulary/mediaTypes/c</subfield>
      </datafield>
      <datafield ind1=" " ind2=" " tag="338">
         <subfield code="a">online resource</subfield>
         <subfield code="2">rdacarrier</subfield>
         <subfield code="0">http://id.loc.gov/vocabulary/carriers/cr</subfield>
      </datafield>
      <datafield ind1="1" ind2=" " tag="490">
         <subfield code="a">Pan Stanford series on biomedical nanotechnology ;</subfield>
         <subfield code="v">vol. 5</subfield>
      </datafield>
      <datafield ind1=" " ind2=" " tag="504">
         <subfield code="a">Includes bibliographical references and index.</subfield>
      </datafield>
      <datafield ind1="0" ind2=" " tag="505">
         <subfield code="a">Nanomedicine(s) and their regulation / Ruth Duncan -- Nanotoxicology : focus on nanomedicine / Helinor Johnston, Ali Kermanizadeh, and Vicki Stone -- Nanomaterial characterization for toxicity testing / David B. Warheit and Christie M. Sayes -- The synthetic and biological identities of nanomaterials / Bengt Fadeel and Wolfgang J. Parak -- Nanotoxicology : the case for in vitro tests / Thomas Hartung -- Nanotoxicology : the case for in vivo studies / David Y. Lai and David B. Warheit -- Predictive nanotoxicology : in silico approaches / Enrico Burello -- Physiologically based nanomaterial pharmacokinetic models / Jim E. Riviere -- Immunotoxicity of nanomaterials / Barbara Lettiero, Z. Shadi Farhangrazi, and S. Moein Moghimi -- Complement activation by nanomaterials / Janos Szebeni -- Biodegradation of carbon-based nanomaterials / Cyrill Bussy, Alberto Bianco, Maurizio Prato, and Kostas Kostarelos -- Genotoxicity and carcinogenicity of nanomaterials / Kee Woei Ng [and five others] -- Pulmonary and cardiovascular toxicity of nanomaterials / Flemming R. Cassee and Vincent Castranova -- Neurotoxicity of nanomaterials / Hari Shanker Sharma and Aruna Sharma -- Dermatotoxicity of nanomaterials / Nancy A. Monteiro-Riviere and Jim E. Riviere -- Reproductive toxicity of nanomaterials / Margaret Saunders, Gary Hutchison, and Sara Correia Carreira -- Nanomedicine : ethical considerations / Todd Kuiken.</subfield>
      </datafield>
      <datafield ind1=" " ind2=" " tag="506">
         <subfield code="a">Access restricted to authorized users and institutions.</subfield>
      </datafield>
      <datafield ind1=" " ind2=" " tag="596">
         <subfield code="a">44</subfield>
      </datafield>
      <datafield ind1=" " ind2="0" tag="650">
         <subfield code="a">Nanostructured materials</subfield>
         <subfield code="x">Safety measures</subfield>
         <subfield code="v">Handbooks, manuals, etc.</subfield>
      </datafield>
      <datafield ind1=" " ind2="0" tag="650">
         <subfield code="a">Industrial safety</subfield>
         <subfield code="v">Handbooks, manuals, etc.</subfield>
         <subfield code="0">http://id.loc.gov/authorities/subjects/sh2008104495</subfield>
      </datafield>
      <datafield ind1=" " ind2="0" tag="650">
         <subfield code="a">Toxicity testing</subfield>
         <subfield code="v">Handbooks, manuals, etc.</subfield>
      </datafield>
      <datafield ind1=" " ind2="0" tag="650">
         <subfield code="a">Personalized medicine.</subfield>
         <subfield code="0">http://id.loc.gov/authorities/subjects/sh2013003324</subfield>
      </datafield>
      <datafield ind1="1" ind2=" " tag="700">
         <subfield code="a">Fadeel, Bengt,</subfield>
         <subfield code="e">editor.</subfield>
         <subfield code="0">http://id.loc.gov/authorities/names/n2012183564</subfield>
         <subfield code="0">http://viaf.org/viaf/247881503</subfield>
      </datafield>
      <datafield ind1=" " ind2=" " tag="758">
         <subfield code="0">http://worldcat.org/entity/work/id/24339686</subfield>
      </datafield>
      <datafield ind1="0" ind2=" " tag="787">
         <subfield code="n">OCLC Work Id</subfield>
         <subfield code="o">http://worldcat.org/entity/work/id/24339686</subfield>
      </datafield>
      <datafield ind1=" " ind2="0" tag="830">
         <subfield code="a">Pan Stanford series on biomedical nanotechnology ;</subfield>
         <subfield code="v">v. 5.</subfield>
      </datafield>
      <datafield ind1="4" ind2="0" tag="856">
         <subfield code="3">University of Alberta Access</subfield>
         <subfield code="u">http://marc.crcnetbase.com/isbn/9789814463379</subfield>
         <subfield code="z">(Unlimited Concurrent Users)</subfield>
      </datafield>
      <datafield ind1=" " ind2=" " tag="949">
         <subfield code="h">UAIN</subfield>
         <subfield code="z">CRC</subfield>
      </datafield>
      <datafield ind1=" " ind2=" " tag="926">
         <subfield code="a">Internet Access</subfield>
         <subfield code="w">LC</subfield>
         <subfield code="c">1</subfield>
         <subfield code="i">6786292-1001</subfield>
         <subfield code="l">INTERNET</subfield>
         <subfield code="m">UAINTERNET</subfield>
         <subfield code="r">Y</subfield>
         <subfield code="s">Y</subfield>
         <subfield code="t">E-RESOURCE</subfield>
         <subfield code="u">1/20/2015</subfield>
         <subfield code="x">E-BOOK</subfield>
         <subfield code="z">CRC</subfield>
      </datafield>
   </record>
</collection>
